@String {LFP84 = "Proceedings of the 1984 ACM Symposium on LISP and Functional Programming"}
@String {SDE1 = "Proceedings of the 1st ACM SIGSOFT/SIGPLAN Software Engineering Symposium on Practical Software Development Environments"}

@STRING{CACM = "Communications of the ACM"}

@ARTICLE{LH:83,
  author = {Henry Lieberman and Carl Hewitt},
  title = {A real-time garbage collector based on the lifetimes of objects},
  journal = CACM,
  year = {1983},
  month = jun,
  volume = {26},
  pages = {419--429},
  number = {6},
  address = {New York, New York, USA},
  doi = {10.1145/358141.358147},
  issn = {0001-0782},
  publisher = {ACM}
}

@InProceedings{Moon:84,
	author = {David A. Moon},
	title = {Garbage collection in a large {LISP} system},
	crossref = {LFP:84},
	pages = {235--246},
	doi = {10.1145/800055.802040},
}

@Proceedings{LFP:84,
	title = LFP84,
	booktitle = LFP84,
	shortname = "LFP '84",
	year = {1984},
	month = aug,
	location = {Austin, Texas, USA},
	publisher = {ACM},
	address = {New York, New York, USA},
	isbn = {0-89791-142-3},
}	

@InProceedings{Ungar:84,
	author = {David Ungar},
	title = {Generation Scavenging: A non-disruptive high performance storage reclamation algorithm},
	crossref = {SDE:1},
	pages = {157--167},
	doi = {10.1145/800020.808261},
}
@Proceedings{SDE:1,
	title = SDE1,
	booktitle = SDE1,
	shortname = "SDE 1",
	year = {1984},
	month = apr,
	location = {Pittsburgh, Pennsylvania, USA},
	publisher = {ACM},
	address = {New York, New York, USA},
	isbn = {0-89791-131-8},
}

@INPROCEEDINGS{caveat-knowledge-graph,
	author={H. {Li} and S. {Li} and J. {Sun} and Z. {Xing} and X. {Peng} and M. {Liu} and X. {Zhao}},
	booktitle={2018 IEEE International Conference on Software Maintenance and Evolution (ICSME)},
	title={Improving API Caveats Accessibility by Mining API Caveats Knowledge Graph},
	year={2018},
	volume={},
	number={},
	pages={183-193},
	keywords={Android (operating system);application program interfaces;data mining;graph theory;information retrieval;natural language processing;sampling methods;text analysis;Web sites;API caveats accessibility;mining API caveats knowledge graph;API documentation;multiple API documents;API caveat sentences;Stack Overflow;textual descriptions;programming errors;natural language processing techniques;NLP techniques;API entities;information retrieval;entity-centric search;Android APIs;Android developers Website;sampling method;Documentation;Programming;Knowledge engineering;Java;Taxonomy;API caveats, Knowledge Graph, Coreference Resolution, Entity Linking},
	doi={10.1109/ICSME.2018.00028},
	ISSN={},
	month={Sep.},}

@article{maalej2013patterns,
	title={Patterns of knowledge in API reference documentation},
	author={Maalej, Walid and Robillard, Martin P},
	journal={IEEE Transactions on Software Engineering},
	volume={39},
	number={9},
	pages={1264--1282},
	year={2013},
	publisher={IEEE}
}